
@misc{higgs-challenge,
	author = {Claire Adam-Bourdarios and Glen Cowan and Cecile Germain and
	Isabelle Guyon and Balazs Kegl and David Rousseau},
	title = {Learning to discover: the Higgs
	boson machine learning challenge},
	date = {July 2014}
}


@techreport{ATLAS-experiment,
	title         = "{Evidence for Higgs Boson Decays to the $\tau^+\tau^-$
	Final State with the ATLAS Detector}",
	institution   = "CERN",
	address       = "Geneva",
	reportNumber  = "ATLAS-CONF-2013-108",
	month         = "Nov",
	year          = "2013",
	url           = "http://cds.cern.ch/record/1632191",
	note          = "All figures including auxiliary figures are available at
	https://atlas.web.cern.ch/Atlas/GROUPS/PHYSICS/CONFNOTES/ATLAS-CONF-2013-108",
	}
	

@misc{kotlowski2014consistent,
      title = {Consistent optimization of AMS by logistic loss minimization}, 
      author = {Wojciech Kotlowski},
      year = {2014},
      eprint = {1412.2106},
      archivePrefix = {arXiv},
      primaryClass = {cs.LG}
}


